<?xml version="1.0" encoding="UTF-8"?><collection xmlns="http://www.loc.gov/MARC21/slim"><record><leader>00474nam--2200145-i-4500</leader><controlfield tag="001">000042960</controlfield><controlfield tag="002">20161230</controlfield><controlfield tag="005">20170121204555</controlfield><controlfield tag="008">060222s1000------------r-----000-0-eng-d</controlfield><datafield ind1=" " ind2=" " tag="080"><subfield code="a">621.039.7(048)</subfield></datafield><datafield ind1=" " ind2=" " tag="245"><subfield code="a">Stokage provisoire et stockage definitif des dechets radioactifs. Extraits de rapports techniques emanant d`organizations nationales et internationales 1975-1981</subfield></datafield><datafield ind1=" " ind2=" " tag="260"><subfield code="a">Vienne</subfield><subfield code="b">Aiea</subfield><subfield code="c">1982</subfield></datafield><datafield ind1=" " ind2=" " tag="300"><subfield code="a">10 p</subfield></datafield><datafield ind1=" " ind2=" " tag="852"><subfield code="a">70173</subfield></datafield><datafield ind1=" " ind2=" " tag="CAT"><subfield code="a">SYS</subfield><subfield code="c">20170121</subfield><subfield code="h">204555</subfield></datafield></record></collection>